<record><leader>00000cas a22000007a 4500</leader><controlfield tag="001">13039482</controlfield><controlfield tag="008">860120d19321976utuwr ne      0    0eng d</controlfield><datafield ind1=" " ind2=" " tag="010"><subfield code="a">sn 86091019 </subfield></datafield><datafield ind1=" " ind2=" " tag="040"><subfield code="a">UNP</subfield><subfield code="b">eng</subfield><subfield code="c">UNP</subfield><subfield code="d">UBY</subfield><subfield code="d">OCLCQ</subfield><subfield code="d">OCLCF</subfield><subfield code="d">OCLCO</subfield></datafield><datafield ind1=" " ind2=" " tag="042"><subfield code="a">msc</subfield></datafield><datafield ind1=" " ind2=" " tag="043"><subfield code="a">n-us-ut</subfield></datafield><datafield ind1=" " ind2="4" tag="050"><subfield code="a">AN2.U8</subfield><subfield code="b">H44</subfield></datafield><datafield ind1="0" ind2="0" tag="245"><subfield code="a">Helper journal.</subfield></datafield><datafield ind1=" " ind2=" " tag="260"><subfield code="a">Helper, Utah :</subfield><subfield code="b">C.W. Brandon,</subfield><subfield code="c">1932-1976.</subfield></datafield><datafield ind1=" " ind2=" " tag="300"><subfield code="a">45 v. :</subfield><subfield code="b">ill. ;</subfield><subfield code="c">56 cm.</subfield></datafield><datafield ind1=" " ind2=" " tag="310"><subfield code="a">Weekly</subfield></datafield><datafield ind1="0" ind2=" " tag="362"><subfield code="a">Vol. 21, no. 33 (Jan. 7, 1932)-v. 24, no. 19 (Nov. 16, 1934); vol. 29, no. 20 (Nov. 23, 1934)-v. 70, no. 41 (Oct. 13, 1976).</subfield></datafield><datafield ind1=" " ind2=" " tag="500"><subfield code="a">"A mining and railroad district newspaper."</subfield></datafield><datafield ind1=" " ind2=" " tag="500"><subfield code="a">Weekend shopping guide issued &lt;1932-1933&gt; as extra with title: Saturday shopping guide, &lt;Apr. 30, 1932&gt;; Black diamond shoppers news, May 7-Sept. 24, 1932; Helper journal extra, &lt;Oct. 1-Dec. 30, 1932&gt;; Helper journal, &lt;Mar. 4-25, 1933&gt;.</subfield></datafield><datafield ind1=" " ind2=" " tag="515"><subfield code="a">Mar. 20, 1936 issue incorrectly marked as Mar. 27.</subfield></datafield><datafield ind1=" " ind2=" " tag="525"><subfield code="a">Supplements accompany some issues.</subfield></datafield><datafield ind1=" " ind2=" " tag="580"><subfield code="a">Continued by: Sun journal (Price, Utah), as Saturday ed. of: Sun-advocate.</subfield></datafield><datafield ind1=" " ind2="0" tag="651"><subfield code="a">Helper (Utah)</subfield><subfield code="v">Newspapers.</subfield></datafield><datafield ind1=" " ind2="0" tag="651"><subfield code="a">Carbon County (Utah)</subfield><subfield code="v">Newspapers.</subfield></datafield><datafield ind1=" " ind2="7" tag="655"><subfield code="a">Newspapers.</subfield><subfield code="2">fast</subfield><subfield code="0">(OCoLC)fst01423814</subfield></datafield><datafield ind1=" " ind2="7" tag="651"><subfield code="a">Utah</subfield><subfield code="z">Carbon County.</subfield><subfield code="2">fast</subfield><subfield code="0">(OCoLC)fst01207192</subfield></datafield><datafield ind1=" " ind2="7" tag="651"><subfield code="a">Utah</subfield><subfield code="z">Helper.</subfield><subfield code="2">fast</subfield><subfield code="0">(OCoLC)fst01226781</subfield></datafield><datafield ind1="0" ind2="2" tag="730"><subfield code="a">Saturday shopping guide.</subfield></datafield><datafield ind1="0" ind2="2" tag="730"><subfield code="a">Black diamond shoppers news.</subfield></datafield><datafield ind1="0" ind2="2" tag="730"><subfield code="a">Helper journal extra.</subfield></datafield><datafield ind1="0" ind2="2" tag="730"><subfield code="a">Helper journal.</subfield></datafield><datafield ind1=" " ind2=" " tag="752"><subfield code="a">United States</subfield><subfield code="b">Utah</subfield><subfield code="c">Carbon</subfield><subfield code="d">Helper.</subfield></datafield><datafield ind1="0" ind2="0" tag="780"><subfield code="t">Helper times</subfield><subfield code="w">(DLC)sn 86091018</subfield><subfield code="w">(OCoLC)13039463</subfield></datafield><datafield ind1="1" ind2="0" tag="785"><subfield code="t">Sun journal (Price, Utah)</subfield><subfield code="w">(DLC)sn 86091020</subfield><subfield code="w">(OCoLC)13039485</subfield></datafield><datafield ind1="1" ind2=" " tag="787"><subfield code="t">Sun-advocate</subfield><subfield code="w">(DLC)sn 86091026</subfield><subfield code="w">(OCoLC)13039549</subfield></datafield></record>